@misc{rbates14,
   author* = {Richard Bates},
   year = {2014},
   title = {Travels with applied geophysics - Dendrochronology Glen Affric, 2014},
   note = {http://geophysicistatlarge.blogspot.co.uk/search/label/dendrochronology},
   urldate = {2017-02-08},
    \begin{quotation}\noindent This is my annotation. I should add in a
description here. \end{quotation}
}

@misc(mmp,
    note = {https://teaching.dcs.aber.ac.uk/mmp/#mjn}
    urldate = {2017-02-08}

%---------------------Examples---------------------------------------------%

@book{ab94,
   author* = {Charalambos D. Aliprantis , Kim C. Border},
   year = {1994},
   title = {Infinite Dimensional Analysis},
   publisher = {Springer},
   address = {Berlin}
    \begin{quotation}\noindent This is my annotation. I should add in a
description here. \end{quotation}
}
@misc{SDOimg,
  author = {NASA},
  title = {\textit{{SDO Data}}},
  note = {http://sdo.gsfc.nasa.gov/data/aiahmi/},
  year* = 2016,
  urldate = {2016-04-18}
}

@misc{GrenwichData,
  author = {NASA},
  title = {\textit{{Royal Observatory, Greenwich USAF/NOAA Sunspot Data}}},
  Howpublished = {http://solarscience.msfc.nasa.gov/greenwch.shtml},
  year = 2016,
  note = {Accessed 21st April 2016}
}

@misc{stefbolt,
  author = {Various},
  title = {\textit{{Stefanâ€“Boltzmann law}}},
  Howpublished = {https://en.wikipedia.org/wiki/Stefan\%E2\%80\%93Boltzmann\_law},
  year = 2016,
  note = {Accessed 29th April 2016}
}


@misc{suntemp,
  author = {Various},
  title = {\textit{{Sun}}},
  Howpublished = {https://en.wikipedia.org/wiki/Sun},
  year = 2016,
  note = {Accessed 29th April 2016}
}

@misc{wolfnum,
  author = {Various},
  title = {\textit{{Wolf number}}},
  Howpublished = {https://en.wikipedia.org/wiki/Wolf\_number},
  year = 2016,
  note = {Accessed 29th April 2016}
}

@misc{temps,
  author = {R. Nave},
  title = {\textit{{Sunspots and Solar Storms}}},
  Howpublished = {http://hyperphysics.phy-astr.gsu.edu/hbase/solar/sunspot.html},
  year = 2016,
  note = {Accessed 29th April 2016}
}

@misc{RCarr,
  author = {Various},
  title = {\textit{{Richard Christopher Carrington}}},
  Howpublished = {https://en.wikipedia.org/wiki/Richard\_Christopher\_Carrington},
  year = 2016,
  note = {Accessed 29th April 2016}
}

@misc{Gali,
  author = {A. V. Helden},
  title = {\textit{{The Galileo Project - Science - Sunspots}}},
  Howpublished = {http://galileo.rice.edu/sci/observations/sunspots.html},
  year = 1995,
  note = {Accessed 29th April 2016}
}

@misc{spots,
  author = {Various},
  title = {\textit{{Sunspot}}},
  Howpublished = {https://en.wikipedia.org/wiki/Sunspot},
  year = 2016,
  note = {Accessed 29th April 2016}
}

@misc{SOHO,
  author = {NASA},
  title = {\textit{{SOHO}}},
  Howpublished = {https://www.nasa.gov/mission\_pages/soho/index.html},
  year = 2016,
  note = {Accessed 29th April 2016}
}

@misc{cycle,
  author = {Various},
  title = {\textit{{Solar cycle}}},
  Howpublished = {https://en.wikipedia.org/wiki/Solar\_cycle},
  year = 2016,
  note = {Accessed 29th April 2016}
}

@misc{rotation,
  author = {NESTA},
  title = {\textit{{Windows to the Universe - Rotation of the Sun}}},
  Howpublished = {http://www.windows2universe.org/sun/Solar\_interior/Sun\_layers/differential\_rotation.html},
  year = 2005,
  note = {Accessed 29th April 2016}
}
