@misc{nasa,
author = "Robert McGuire",
title = "{International Reference Ionospehere}",
howpublished = "\url{https://iri.gsfc.nasa.gov/}",
year = "2016",
note = "Accessed 07/04/2017"
}
